<?xml version="1.0" encoding="UTF-8"?><collection xmlns="http://www.loc.gov/MARC21/slim"><record><leader>00564nam--2200181-i-4500</leader><controlfield tag="001">000009158</controlfield><controlfield tag="002">20161230</controlfield><controlfield tag="005">20161230201028</controlfield><controlfield tag="008">060222s1000------------r-----000-0-eng-d</controlfield><datafield ind1=" " ind2=" " tag="040"><subfield code="a">IFIN-HH</subfield></datafield><datafield ind1=" " ind2=" " tag="080"><subfield code="a">539.12.162.8(061.3):539.17</subfield></datafield><datafield ind1="1" ind2=" " tag="100"><subfield code="a">Bertocchi, L</subfield></datafield><datafield ind1="1" ind2="0" tag="245"><subfield code="a">Coherent scattering of high-energy hadrons on light nuclei</subfield><subfield code="c">L. bertocchi</subfield></datafield><datafield ind1=" " ind2=" " tag="260"><subfield code="a">Herceg-novi</subfield><subfield code="b">Ecole Internationale De La Physique Des Particules Elementaires</subfield><subfield code="c">1969</subfield></datafield><datafield ind1=" " ind2=" " tag="300"><subfield code="a">138 P</subfield></datafield><datafield ind1=" " ind2=" " tag="490"><subfield code="a">Herceg-novi, Yougoslavie</subfield></datafield><datafield ind1=" " ind2=" " tag="852"><subfield code="a">32001</subfield><subfield code="c">539.17</subfield></datafield><datafield ind1=" " ind2=" " tag="CAT"><subfield code="a">Sys</subfield><subfield code="c">20120606</subfield><subfield code="h">161559</subfield></datafield></record></collection>